%YAML 1.1
%TAG !u! tag:unity3d.com,2011:
--- !u!1 &1181808229220550
GameObject:
  m_ObjectHideFlags: 0
  m_CorrespondingSourceObject: {fileID: 0}
  m_PrefabInstance: {fileID: 0}
  m_PrefabAsset: {fileID: 0}
  serializedVersion: 6
  m_Component:
  - component: {fileID: 224335507955829358}
  - component: {fileID: 212622031127412890}
  - component: {fileID: 95971940777167778}
  - component: {fileID: 61039526959336512}
  - component: {fileID: 114987491179972156}
  m_Layer: 10
  m_Name: DungeonHero_8
  m_TagString: dungeonHero1
  m_Icon: {fileID: 0}
  m_NavMeshLayer: 0
  m_StaticEditorFlags: 0
  m_IsActive: 1
--- !u!224 &224335507955829358
RectTransform:
  m_ObjectHideFlags: 0
  m_CorrespondingSourceObject: {fileID: 0}
  m_PrefabInstance: {fileID: 0}
  m_PrefabAsset: {fileID: 0}
  m_GameObject: {fileID: 1181808229220550}
  m_LocalRotation: {x: 0, y: 0, z: 0, w: 1}
  m_LocalPosition: {x: 0, y: 0, z: 0}
  m_LocalScale: {x: 1, y: 1, z: 1}
  m_Children:
  - {fileID: 4972049441179976}
  m_Father: {fileID: 0}
  m_RootOrder: 0
  m_LocalEulerAnglesHint: {x: 0, y: 0, z: 0}
  m_AnchorMin: {x: 0.5, y: 0.5}
  m_AnchorMax: {x: 0.5, y: 0.5}
  m_AnchoredPosition: {x: -2.61, y: -6.06}
  m_SizeDelta: {x: 1, y: 1}
  m_Pivot: {x: 0.5, y: 0.5}
--- !u!212 &212622031127412890
SpriteRenderer:
  m_ObjectHideFlags: 0
  m_CorrespondingSourceObject: {fileID: 0}
  m_PrefabInstance: {fileID: 0}
  m_PrefabAsset: {fileID: 0}
  m_GameObject: {fileID: 1181808229220550}
  m_Enabled: 1
  m_CastShadows: 0
  m_ReceiveShadows: 0
  m_DynamicOccludee: 1
  m_MotionVectors: 1
  m_LightProbeUsage: 1
  m_ReflectionProbeUsage: 1
  m_RenderingLayerMask: 1
  m_RendererPriority: 0
  m_Materials:
  - {fileID: 10754, guid: 0000000000000000f000000000000000, type: 0}
  m_StaticBatchInfo:
    firstSubMesh: 0
    subMeshCount: 0
  m_StaticBatchRoot: {fileID: 0}
  m_ProbeAnchor: {fileID: 0}
  m_LightProbeVolumeOverride: {fileID: 0}
  m_ScaleInLightmap: 1
  m_ReceiveGI: 1
  m_PreserveUVs: 0
  m_IgnoreNormalsForChartDetection: 0
  m_ImportantGI: 0
  m_StitchLightmapSeams: 0
  m_SelectedEditorRenderState: 0
  m_MinimumChartSize: 4
  m_AutoUVMaxDistance: 0.5
  m_AutoUVMaxAngle: 89
  m_LightmapParameters: {fileID: 0}
  m_SortingLayerID: 205364069
  m_SortingLayer: 6
  m_SortingOrder: 0
  m_Sprite: {fileID: 21300000, guid: 7054062fd11ee423995bad319e65fbce, type: 3}
  m_Color: {r: 1, g: 1, b: 1, a: 1}
  m_FlipX: 0
  m_FlipY: 0
  m_DrawMode: 0
  m_Size: {x: 1.5, y: 1.2}
  m_AdaptiveModeThreshold: 0.5
  m_SpriteTileMode: 0
  m_WasSpriteAssigned: 1
  m_MaskInteraction: 0
  m_SpriteSortPoint: 0
--- !u!95 &95971940777167778
Animator:
  serializedVersion: 3
  m_ObjectHideFlags: 0
  m_CorrespondingSourceObject: {fileID: 0}
  m_PrefabInstance: {fileID: 0}
  m_PrefabAsset: {fileID: 0}
  m_GameObject: {fileID: 1181808229220550}
  m_Enabled: 1
  m_Avatar: {fileID: 0}
  m_Controller: {fileID: 9100000, guid: e0f676f20134840aab48509760f72e3a, type: 2}
  m_CullingMode: 0
  m_UpdateMode: 0
  m_ApplyRootMotion: 0
  m_LinearVelocityBlending: 0
  m_WarningMessage: 
  m_HasTransformHierarchy: 1
  m_AllowConstantClipSamplingOptimization: 1
  m_KeepAnimatorControllerStateOnDisable: 0
--- !u!61 &61039526959336512
BoxCollider2D:
  m_ObjectHideFlags: 0
  m_CorrespondingSourceObject: {fileID: 0}
  m_PrefabInstance: {fileID: 0}
  m_PrefabAsset: {fileID: 0}
  m_GameObject: {fileID: 1181808229220550}
  m_Enabled: 1
  m_Density: 1
  m_Material: {fileID: 0}
  m_IsTrigger: 1
  m_UsedByEffector: 0
  m_UsedByComposite: 0
  m_Offset: {x: 0, y: 0}
  m_SpriteTilingProperty:
    border: {x: 0, y: 0, z: 0, w: 0}
    pivot: {x: 0.5, y: 0.5}
    oldSize: {x: 1.5, y: 1.2}
    newSize: {x: 1.5, y: 1.2}
    adaptiveTilingThreshold: 0.5
    drawMode: 0
    adaptiveTiling: 0
  m_AutoTiling: 0
  serializedVersion: 2
  m_Size: {x: 1, y: 1}
  m_EdgeRadius: 0
--- !u!114 &114987491179972156
MonoBehaviour:
  m_ObjectHideFlags: 0
  m_CorrespondingSourceObject: {fileID: 0}
  m_PrefabInstance: {fileID: 0}
  m_PrefabAsset: {fileID: 0}
  m_GameObject: {fileID: 1181808229220550}
  m_Enabled: 1
  m_EditorHideFlags: 0
  m_Script: {fileID: 11500000, guid: 854d39b2b7a074f48b217c394634a774, type: 3}
  m_Name: 
  m_EditorClassIdentifier: 
  heroTotalDamage: 50
  heroLife: 50
  heroGold: 500
  heroNumber: 8
  heroDefenceChance: 50
  heroSpeed: 1.5
  heroDestinies:
  - {x: -2.36, y: -5.25, z: 0}
  - {x: -0.059999943, y: -5.25, z: 0}
  - {x: 2.24, y: -5.25, z: 0}
  - {x: -2.36, y: -1.95, z: 0}
  - {x: -0.059999943, y: -1.95, z: 0}
  - {x: 2.24, y: -1.95, z: 0}
  - {x: -2.36, y: 1.3499999, z: 0}
  - {x: -0.059999943, y: 1.3499999, z: 0}
  - {x: 2.24, y: 1.3499999, z: 0}
  - {x: -2.36, y: 4.6499996, z: 0}
  - {x: -0.059999943, y: 4.6499996, z: 0}
  - {x: 2.24, y: 4.6499996, z: 0}
  - {x: -2.36, y: 7.95, z: 0}
  - {x: -0.059999943, y: 7.95, z: 0}
  - {x: 2.24, y: 7.95, z: 0}
  heroState: 0
  heroStartMoveTime: 27.015312
  heroJorneyLength: 3.7911737
  heroCoveredDistance: 0
  heroFractionedDistance: 0
  heroActualDestinyIndex: 0
  heroIdleTime: 0.5
  heroDieTime: 2
  heroAttackTime: 0.5
  heroHitTime: 0.5
  heroDefendTime: 0.5
  heroMarkedToBeRemoved: 0
  heroUniqueID: 
  heroDungeonRoom: {fileID: 0}
  heroAtLevelDoor: 0
  attackTriesCounter: 0
  heroListIndex: 0
  MAX_ATTACK_TRIES: 3
  heroName: DungeonHero_8
  dungeonSoundManager: {fileID: 0}
  heroReturnPath:
  - {x: 1.95, y: -7.85, z: 0}
  - {x: -0.29, y: -7.94, z: 0}
  - {x: -2.41, y: -8.27, z: 0}
  - {x: -4.81, y: -9.12, z: 0}
  coinAnimationPath1:
  - {x: -2.49, y: 5.71, z: 0}
  - {x: -2, y: 6.36, z: 0}
  - {x: -2.76, y: 6.76, z: 0}
  - {x: -3.24, y: 5.9, z: 0}
  - {x: -3.76, y: 5.1, z: 0}
  coinAnimationPath2:
  - {x: -1.49, y: 5.71, z: 0}
  - {x: -2, y: 6.36, z: 0}
  - {x: -2.76, y: 6.76, z: 0}
  - {x: -3.24, y: 5.9, z: 0}
  - {x: -3.76, y: 5.1, z: 0}
--- !u!1 &1199891717187652
GameObject:
  m_ObjectHideFlags: 0
  m_CorrespondingSourceObject: {fileID: 0}
  m_PrefabInstance: {fileID: 0}
  m_PrefabAsset: {fileID: 0}
  serializedVersion: 6
  m_Component:
  - component: {fileID: 4972049441179976}
  - component: {fileID: 212586912798889634}
  m_Layer: 0
  m_Name: SingleCoin
  m_TagString: Untagged
  m_Icon: {fileID: 0}
  m_NavMeshLayer: 0
  m_StaticEditorFlags: 0
  m_IsActive: 1
--- !u!4 &4972049441179976
Transform:
  m_ObjectHideFlags: 0
  m_CorrespondingSourceObject: {fileID: 0}
  m_PrefabInstance: {fileID: 0}
  m_PrefabAsset: {fileID: 0}
  m_GameObject: {fileID: 1199891717187652}
  m_LocalRotation: {x: 0, y: 0, z: 0, w: 1}
  m_LocalPosition: {x: 0.12, y: 0.16, z: 0}
  m_LocalScale: {x: 0, y: 0, z: 0}
  m_Children: []
  m_Father: {fileID: 224335507955829358}
  m_RootOrder: 0
  m_LocalEulerAnglesHint: {x: 0, y: 0, z: 0}
--- !u!212 &212586912798889634
SpriteRenderer:
  m_ObjectHideFlags: 0
  m_CorrespondingSourceObject: {fileID: 0}
  m_PrefabInstance: {fileID: 0}
  m_PrefabAsset: {fileID: 0}
  m_GameObject: {fileID: 1199891717187652}
  m_Enabled: 1
  m_CastShadows: 0
  m_ReceiveShadows: 0
  m_DynamicOccludee: 1
  m_MotionVectors: 1
  m_LightProbeUsage: 1
  m_ReflectionProbeUsage: 1
  m_RenderingLayerMask: 1
  m_RendererPriority: 0
  m_Materials:
  - {fileID: 10754, guid: 0000000000000000f000000000000000, type: 0}
  m_StaticBatchInfo:
    firstSubMesh: 0
    subMeshCount: 0
  m_StaticBatchRoot: {fileID: 0}
  m_ProbeAnchor: {fileID: 0}
  m_LightProbeVolumeOverride: {fileID: 0}
  m_ScaleInLightmap: 1
  m_ReceiveGI: 1
  m_PreserveUVs: 0
  m_IgnoreNormalsForChartDetection: 0
  m_ImportantGI: 0
  m_StitchLightmapSeams: 0
  m_SelectedEditorRenderState: 0
  m_MinimumChartSize: 4
  m_AutoUVMaxDistance: 0.5
  m_AutoUVMaxAngle: 89
  m_LightmapParameters: {fileID: 0}
  m_SortingLayerID: 1730454507
  m_SortingLayer: 5
  m_SortingOrder: 0
  m_Sprite: {fileID: 21300000, guid: 1cbce5ac24c234d139b84296de0b3b98, type: 3}
  m_Color: {r: 1, g: 1, b: 1, a: 1}
  m_FlipX: 0
  m_FlipY: 0
  m_DrawMode: 0
  m_Size: {x: 1.54, y: 1.39}
  m_AdaptiveModeThreshold: 0.5
  m_SpriteTileMode: 0
  m_WasSpriteAssigned: 1
  m_MaskInteraction: 0
  m_SpriteSortPoint: 0
